<?xml version="1.0" encoding="UTF-8"?><collection xmlns="http://www.loc.gov/MARC21/slim"><record><leader>00351nam--2200109-i-4500</leader><controlfield tag="001">000022025</controlfield><controlfield tag="002">20161230</controlfield><controlfield tag="005">20161230201034</controlfield><controlfield tag="008">060222s1000------------r-----000-0-eng-d</controlfield><datafield ind1=" " ind2=" " tag="245"><subfield code="a">Indice bibligrafic al principalelor materiale stiintifice sovietice traduse de isrs 1947-1954</subfield></datafield><datafield ind1=" " ind2=" " tag="260"><subfield code="a">Bucuresti, Inst.De Studii Romano-sovietice, 1954. 536p</subfield></datafield><datafield ind1=" " ind2=" " tag="852"><subfield code="a">3725</subfield></datafield></record></collection>